@inbook{book:bringhurst,
  title     = {The Elements of Typographic Style},
  author    = {Robert BRINGHURST},
  publisher = {Hartley \& Marks, Publishers},
  isbn      = {9780881792065,0881792063,0881792055},
  year      = {2004},
  edition   = {3rd ed}
}

@book{book:elam,
  title  = {Typographic Contrast, Color, \& Composition},
  author = {Kimberly ELAM},
  year   = {2009}
}

@misc{webpage:peckadesign,
  title        = {Typografický tahák nejen pro grafiky},
  author       = {Kamila VÁLKOVÁ},
  howpublished = {[online]},
  year         = {rev. 28. květen 2020},
  note         = {[vid. 2023-04-17]},
  url          = {https://www.peckadesign.cz/blog/typograficky-tahak-nejen-pro-grafiky}
}

@misc{webpage:designhill,
  title        = {What Is Typography? Why Is It Important For Graphic Designers?},
  author       = {Anne CARTON},
  howpublished = {[online]},
  year         = {rev. 9. březen 2020},
  note         = {[vid. 2023-04-17]},
  url          = {https://www.designhill.com/design-blog/what-is-typography-why-is-it-important-for-graphic-designers/}
}

@misc{webpage:creativebloq,
  title        = {Typography design: Rules and terms every designer must know},
  author       = {Ruth HAMILTON},
  howpublished = {[online]},
  year         = {rev. 22. září 2021},
  note         = {[vid. 2023-04-17]},
  url          = {https://www.creativebloq.com/typography/what-is-typography-123652}
}

@article{article:kinross,
  doi     = {10.1075/idj.1.2.08kin},
  title   = {John Lewis, Typography: design and practice},
  author  = {Robin Kinross},
  journal = {Information Design Journal},
  year    = {1979},
  volume  = {1},
  issue   = {2},
  page    = {135\,--\,136}
}

@article{article:aynsley,
  doi     = {10.1093/jdh/13.1.86},
  title   = {Paul Renner: The Art of Typography},
  author  = {J. AYNSLEY},
  journal = {Journal of Design History},
  year    = {2000},
  volume  = {13},
  issue   = {1},
  page    = {86\,--\,88}
}

@article{article:behrens,
  doi     = {10.2307/1576954},
  title   = {Fonts and Logos: Font Analysis, Logotype Design, Typography, Type Comparison, and Historyby Doyald Young},
  author  = {Roy BEHRENS},
  journal = {Leonardo},
  year    = {2001},
  volume  = {34},
  issue   = {3},
  page    = {280}
}

@mastersthesis{thesis:jiricek,
  title  = {Živý font},
  author = {Milan JIŘÍČEK},
  school = {Vysoké učení technické v Brně. Fakulta elektrotechniky a komunikačních technologií. Ústav telekomunikací},
  year   = {2012},
  type   = {Diplomová práce}
}

@mastersthesis{thesis:capouchova,
  title  = {Jednotný vizuální styl},
  author = {Nina CAPOUCHOVÁ},
  school = {Univerzita Karlova, Pedagogická fakulta, Katedra výtvarné výchovy},
  year   = {2010},
  type   = {Diplomová práce}
}
